<?xml version="1.0" encoding="UTF-8"?><collection xmlns="http://www.loc.gov/MARC21/slim"><record><leader>00457nam--2200133-i-4500</leader><controlfield tag="001">000001140</controlfield><controlfield tag="002">20161230</controlfield><controlfield tag="005">20161230201024</controlfield><controlfield tag="008">060222s1000------------r-----000-0-eng-d</controlfield><datafield ind1=" " ind2=" " tag="080"><subfield code="a">541.28</subfield></datafield><datafield ind1=" " ind2=" " tag="100"><subfield code="a">Henglein, Arnim</subfield></datafield><datafield ind1=" " ind2=" " tag="245"><subfield code="a">Einfuhrung in die strahlenchemie mit praktischen anleitungen, unter mitarbeit von wolfram schnabel und jurgen wendengurg. mit 124 abbildungen und 29 tabellen</subfield></datafield><datafield ind1=" " ind2=" " tag="260"><subfield code="a">Berlin, Akademie-verlag, 1969. X + 400 P</subfield></datafield><datafield ind1=" " ind2=" " tag="852"><subfield code="a">34179</subfield></datafield></record></collection>